@article{Arrigoni2012,
  title={Molecular phylogeny of the robust clade (Faviidae, Mussidae, Merulinidae, and Pectiniidae): an Indian Ocean perspective},
  author={Arrigoni, Roberto and Stefani, Fabrizio and Pichon, Michel and Galli, Paolo and Benzoni, Francesca},
  journal={Molecular Phylogenetics and Evolution},
  volume={65},
  number={1},
  pages={183--193},
  year={2012},
  publisher={Elsevier}
}

@article{Barnosky2011,
  title={Has the Earth's sixth mass extinction already arrived?},
  author={Barnosky, Anthony D and Matzke, Nicholas and Tomiya, Susumu and Wogan, Guinevere OU and Swartz, Brian and Quental, Tiago B and Marshall, Charles and McGuire, Jenny L and Lindsey, Emily L and Maguire, Kaitlin C and others},
  journal={Nature},
  volume={471},
  number={7336},
  pages={51--57},
  year={2011},
  publisher={Nature Research}
}

@InCollection{Bollback2005,
  Title                    = {Posterior Mapping and Posterior Predictive Distributions},
  Author                   = {Bollback, JonathanP.},
  Booktitle                = {Statistical Methods in Molecular Evolution},
  Publisher                = {Springer New York},
  Year                     = 2005,
  Chapter                  = 16,
  Editor                   = {Rasmus Neilsen},
  Pages                    = {439-462}
}

@article{Bottrill2008,
  title={Is conservation triage just smart decision making?},
  author={Bottrill, Madeleine C and Joseph, Liana N and Carwardine, Josie and Bode, Michael and Cook, Carly and Game, Edward T and Grantham, Hedley and Kark, Salit and Linke, Simon and McDonald-Madden, Eve and others},
  journal={Trends in Ecology \& Evolution},
  volume={23},
  number={12},
  pages={649--654},
  year={2008},
  publisher={Elsevier}
}

@article{Bortolussi2009,
  title={Package ‘apTreeshape’},
  author={Bortolussi, Nicolas and Durand, Eric and Blum, Michael and Blum, Maintainer Michael},
  year={2009}
}

@article{Brooks2002,
  title={Habitat loss and extinction in the hotspots of biodiversity},
  author={Brooks, Thomas M and Mittermeier, Russell A and Mittermeier, Cristina G and Da Fonseca, Gustavo AB and Rylands, Anthony B and Konstant, William R and Flick, Penny and Pilgrim, John and Oldfield, Sara and Magin, Georgina and others},
  journal={Conservation biology},
  volume={16},
  number={4},
  pages={909--923},
  year={2002},
  publisher={Wiley Online Library}
}

@article{Butchart2010,
  title={Data deficient birds on the IUCN Red List: what don’t we know and why does it matter?},
  author={Butchart, Stuart HM and Bird, Jeremy P},
  journal={Biological Conservation},
  volume={143},
  number={1},
  pages={239--247},
  year={2010},
  publisher={Elsevier}
}

@article{Ceballos2015,
  title={Accelerated modern human--induced species losses: Entering the sixth mass extinction},
  author={Ceballos, Gerardo and Ehrlich, Paul R and Barnosky, Anthony D and Garc\'{i}a, Andr\'{e}s and Pringle, Robert M and Palmer, Todd M},
  journal={Science advances},
  volume={1},
  number={5},
  pages={e1400253},
  year={2015},
  publisher={American Association for the Advancement of Science}
}

@article{Collen2011,
  title={Investing in evolutionary history: implementing a phylogenetic approach for mammal conservation},
  author={Collen, Ben and Turvey, Samuel T and Waterman, Carly and Meredith, Helen MR and Kuhn, Tyler S and Baillie, Jonathan EM and Isaac, Nick JB},
  journal={Philosophical Transactions of the Royal Society of London B: Biological Sciences},
  volume={366},
  number={1578},
  pages={2611--2622},
  year={2011},
  publisher={The Royal Society}
}

@article{Collen2015,
  title={Conservation prioritization in the context of uncertainty},
  author={Collen, B},
  journal={Animal Conservation},
  volume={18},
  number={4},
  pages={315--317},
  year={2015},
  publisher={Wiley Online Library}
}

@Article{Colless1982,
  Title                    = {Review of phylogenetics: the theory and practice of phylogenetic systematics},
  Author                   = {Colless, Donald H.},
  Journal                  = {Systematic Zoology},
  Year                     = 1982,
  Month                    = 3,
  Number                   = 1,
  Pages                    = {100--104},
  Volume                   = 31
}


@book{Crawley2012,
  title={The R book},
  author={Crawley, Michael J},
  year={2012},
  publisher={John Wiley \& Sons}
}

@article{Curnick2015,
  title={Setting evolutionary-based conservation priorities for a phylogenetically data-poor taxonomic group (Scleractinia)},
  author={Curnick, DJ and Head, CEI and Huang, D and Crabbe, M James C and Gollock, M and Hoeksema, BW and Johnson, KG and Jones, R and Koldewey, HJ and Obura, DO and others},
  journal={Animal Conservation},
  volume={18},
  number={4},
  pages={303--312},
  year={2015},
  publisher={Wiley Online Library}
}

@article{Faith1992,
  title={Conservation evaluation and phylogenetic diversity},
  author={Faith, Daniel P},
  journal={Biological conservation},
  volume=61,
  number=1,
  pages={1--10},
  year=1992
}

@article{Faith2008,
  title={Threatened species and the potential loss of phylogenetic diversity: conservation scenarios based on estimated extinction probabilities and phylogenetic risk analysis},
  author={Faith, Daniel P},
  journal={Conservation Biology},
  volume={22},
  number={6},
  pages={1461--1470},
  year={2008},
  publisher={Wiley Online Library}
}

@article{Felsenstein2005,
  title={Using the quantitative genetic threshold model for inferences between and within species},
  author={Felsenstein, Joseph},
  journal={Philosophical Transactions of the Royal Society of London B: Biological Sciences},
  volume={360},
  number={1459},
  pages={1427--1434},
  year={2005},
  publisher={The Royal Society}
}

@article{Good2006,
  title={Addressing data deficiency in classifying extinction risk: a case study of a radiation of Bignoniaceae from Madagascar},
  author={Good, Tatjana C and Zjhra, Michelle L and Kremen, Claire},
  journal={Conservation Biology},
  volume={20},
  number={4},
  pages={1099--1110},
  year={2006},
  publisher={Wiley Online Library}
}

@article{Gumbs2017,
  title={Tetrapods on the EDGE: Overcoming data limitations to identify phylogenetic conservation priorities},
  author={Gumbs, Rikki and Gray, Claudia L and Wearn, Oliver R and Owen, Nisha R},
  journal={bioRxiv},
  pages={232991},
  year={2017},
  publisher={Cold Spring Harbor Laboratory}
}

@article{Harmon2007,
  title={GEIGER: investigating evolutionary radiations},
  author={Harmon, Luke J and Weir, Jason T and Brock, Chad D and Glor, Richard E and Challenger, Wendell},
  journal={Bioinformatics},
  volume={24},
  number={1},
  pages={129--131},
  year={2007},
  publisher={Oxford University Press}
}

@article{Huelsenbeck2001,
  title={Bayesian inference of phylogeny and its impact on evolutionary biology},
  author={Huelsenbeck, John P and Ronquist, Fredrik and Nielsen, Rasmus and Bollback, Jonathan P},
  journal={science},
  volume={294},
  number={5550},
  pages={2310--2314},
  year={2001},
  publisher={American Association for the Advancement of Science}
}

@article{Isaac2012,
  title={Phylogenetically-informed priorities for amphibian conservation},
  author={Isaac, Nick JB and Redding, David W and Meredith, Helen M and Safi, Kamran},
  journal={PLoS one},
  volume={7},
  number={8},
  pages={e43912},
  year={2012},
  publisher={Public Library of Science}
}

@article{Isaac2007,
  title={Mammals on the EDGE: conservation priorities based on threat and phylogeny},
  author={Isaac, Nick JB and Turvey, Samuel T and Collen, Ben and Waterman, Carly and Baillie, Jonathan EM},
  journal={PloS one},
  volume={2},
  number={3},
  pages={e296},
  year={2007},
  publisher={Public Library of Science}
}

@book{Iucn2001,
  title={IUCN Red List categories and criteria},
  author={IUCN},
  year={2001},
  publisher={IUCN}
}

@article{Iucn2008,
  title={Guidelines for Using the IUCN Red List Categories and Criteria, Version 7.0},
  author={IUCN},
  journal={Prepared by the Standards and Petitions Working Group of the IUCN SSC Biodiversity Assessments Sub-Committee in August 2008.},
  year={2008}
}

@article{Jensen2016,
  title={I-HEDGE: determining the optimum complementary sets of taxa for conservation using evolutionary isolation},
  author={Jensen, Evelyn L and Mooers, Arne {\O} and Caccone, Adalgisa and Russello, Michael A},
  journal={PeerJ},
  volume={4},
  pages={e2350},
  year={2016},
  publisher={PeerJ Inc.}
}

@article{Kuhn2011,
  title={A simple polytomy resolver for dated phylogenies},
  author={Kuhn, Tyler S and Mooers, Arne {\O} and Thomas, Gavin H},
  journal={Methods in Ecology and Evolution},
  volume={2},
  number={5},
  pages={427--436},
  year={2011},
  publisher={Wiley Online Library}
}

@article{Jetz2014,
  title={Global distribution and conservation of evolutionary distinctness in birds},
  author={Jetz, Walter and Thomas, Gavin H and Joy, Jeffrey B and Redding, David W and Hartmann, Klaas and Mooers, Arne O},
  journal={Current Biology},
  volume={24},
  number={9},
  pages={919--930},
  year={2014},
  publisher={Elsevier}
}

@article{Lips2006,
  title={Emerging infectious disease and the loss of biodiversity in a Neotropical amphibian community},
  author={Lips, Karen R and Brem, Forrest and Brenes, Roberto and Reeve, John D and Alford, Ross A and Voyles, Jamie and Carey, Cynthia and Livo, Lauren and Pessier, Allan P and Collins, James P},
  journal={Proceedings of the national academy of sciences of the United States of America},
  volume={103},
  number={9},
  pages={3165--3170},
  year={2006},
  publisher={National Acad Sciences}
}

@article{Komsta2015,
  title={Moments, cumulants, skewness, kurtosis and related tests},
  author={Komsta, Lukasz and Novomestky, Frederick},
  journal={R package version 0.14},
  year={2015}
}

@article{Mcbride2007,
  title={Incorporating the effects of socioeconomic uncertainty into priority setting for conservation investment},
  author={McBride, Marissa F and Wilson, Kerrie A and Bode, Michael and Possingham, Hugh P},
  journal={Conservation Biology},
  volume={21},
  number={6},
  pages={1463--1474},
  year={2007},
  publisher={Wiley Online Library}
}

@article{Molnar2008,
  title={Assessing the global threat of invasive species to marine biodiversity},
  author={Molnar, Jennifer L and Gamboa, Rebecca L and Revenga, Carmen and Spalding, Mark D},
  journal={Frontiers in Ecology and the Environment},
  volume={6},
  number={9},
  pages={485--492},
  year={2008},
  publisher={Wiley Online Library}
}

@article{Mooers2008,
  title={Converting endangered species categories to probabilities of extinction for phylogenetic conservation prioritization},
  author={Mooers, Arne {\O} and Faith, Daniel P and Maddison, Wayne P},
  journal={PloS one},
  volume={3},
  number={11},
  pages={e3700},
  year={2008},
  publisher={Public Library of Science}
}

@article{Morais2013,
  title={Unraveling the conservation status of Data Deficient species},
  author={Morais, Alessandro R and Siqueira, Mariana N and Lemes, Priscila and Maciel, Natan M and De Marco Jr, Paulo and Brito, Daniel},
  journal={Biological conservation},
  volume={166},
  pages={98--102},
  year={2013},
  publisher={Elsevier}
}

@article{Myers2000,
  title={Biodiversity hotspots for conservation priorities},
  author={Myers, Norman and Mittermeier, Russell A and Mittermeier, Cristina G and Da Fonseca, Gustavo AB and Kent, Jennifer},
  journal={Nature},
  volume={403},
  number={6772},
  pages={853--858},
  year={2000},
  publisher={Nature Publishing Group}
}

@article{Naidoo2006,
  title={Integrating economic costs into conservation planning},
  author={Naidoo, Robin and Balmford, Andrew and Ferraro, Paul J and Polasky, Stephen and Ricketts, Taylor H and Rouget, Mathieu},
  journal={Trends in ecology \& evolution},
  volume={21},
  number={12},
  pages={681--687},
  year={2006},
  publisher={Elsevier}
}

@Manual{Orme2013,
    title = {caper: Comparative Analyses of Phylogenetics and Evolution in R},
    author = {David Orme and Rob Freckleton and Gavin Thomas and Thomas Petzoldt and Susanne Fritz and Nick Isaac and William D. Pearse},
    year = {2013},
    note = {R package version 0.5.2},
    url = {https://CRAN.R-project.org/package=caper},
  }

@Article{Paradis2004,
    title = {A{PE}: analyses of phylogenetics and evolution in {R} language},
    author = {E. Paradis and J. Claude and K. Strimmer},
    journal = {Bioinformatics},
    year = {2004},
    volume = {20},
    pages = {289-290},
  }

@article{Pearse2015,
  title={Beyond the EDGE with EDAM: prioritising British plant species according to evolutionary distinctiveness, and accuracy and magnitude of decline},
  author={Pearse, William D and Chase, Mark W and Crawley, Michael J and Dolphin, Konrad and Fay, Michael F and Joseph, Jeffrey A and Powney, Gary and Preston, Chris D and Rapacciuolo, Giovanni and Roy, David B and others},
  journal={PloS one},
  volume={10},
  number={5},
  pages={e0126524},
  year={2015},
  publisher={Public Library of Science}
}

@article{Pennell2014,
  title={geiger v2. 0: an expanded suite of methods for fitting macroevolutionary models to phylogenetic trees},
  author={Pennell, Matthew W and Eastman, Jonathan M and Slater, Graham J and Brown, Joseph W and Uyeda, Josef C and FitzJohn, Richard G and Alfaro, Michael E and Harmon, Luke J},
  journal={Bioinformatics},
  volume={30},
  number={15},
  pages={2216--2218},
  year={2014},
  publisher={Oxford University Press}
}

@article{Pounds2006,
  title={Widespread amphibian extinctions from epidemic disease driven by global warming},
  author={Pounds, J Alan and Bustamante, Mart\'{i}n R and Coloma, Luis A and Consuegra, Jamie A and Fogden, Michael PL and Foster, Pru N and La Marca, Enrique and Masters, Karen L and Merino-Viteri, Andr\'{e}s and Puschendorf, Robert and others},
  journal={Nature},
  volume={439},
  number={7073},
  pages={161--167},
  year={2006},
  publisher={Nature Publishing Group}
}

@article{Pressey1993,
  title={Beyond opportunism: key principles for systematic reserve selection},
  author={Pressey, RL and Humphries, CJ and Margules, Christopher R and Vane-Wright, RI and Williams, PH},
  journal={Trends in ecology \& evolution},
  volume={8},
  number={4},
  pages={124--128},
  year={1993},
  publisher={Elsevier}
}

@article{Pybus2000,
  title={Testing macro--evolutionary models using incomplete molecular phylogenies},
  author={Pybus, Oliver G and Harvey, Paul H},
  journal={Proceedings of the Royal Society of London B: Biological Sciences},
  volume=267,
  number=1459,
  pages={2267--2272},
  year=2000,
  publisher={The Royal Society}
}

@Article{Revell2012,
    title = {phytools: An R package for phylogenetic comparative biology (and other things).},
    author = {Liam J. Revell},
    journal = {Methods in Ecology and Evolution},
    year = 2012,
    volume = 3,
    pages = {217-223}
  }

@article{Rabosky2015,
  title={No substitute for real data: a cautionary note on the use of phylogenies from birth--death polytomy resolvers for downstream comparative analyses},
  author={Rabosky, Daniel L},
  journal={Evolution},
  volume={69},
  number={12},
  pages={3207--3216},
  year={2015},
  publisher={Wiley Online Library}
}

@article{Rabosky2014,
abstract = {The statistical estimation of phylogenies is always associated with uncertainty, and accommodating this uncertainty is an important component of modern phylogenetic comparative analysis. The birth-death polytomy resolver is a method of accounting for phylogenetic uncertainty that places missing (unsampled) taxa onto phylogenetic trees, using taxonomic information alone. Recent studies of birds and mammals have used this approach to generate pseudo-posterior distributions of phylogenetic trees that are complete at the species level, even in the absence of genetic data for many species. Many researchers have used these distributions of phylogenies for downstream evolutionary analyses that involve inferences on phenotypic evolution, geography, and community assembly. I demonstrate that the use of phylogenies constructed in this fashion is inappropriate for many questions involving traits. Because species are placed on trees at random with respect to trait values, the birth-death polytomy resolver breaks down natural patterns of trait phylogenetic structure. Inferences based on these trees are predictably and often drastically biased in a direction that depends on the underlying (true) pattern of phylogenetic structure in traits. I illustrate the severity of the phenomenon for both continuous and discrete traits using examples from a global bird phylogeny.},
archivePrefix = {arXiv},
arxivId = {1503.04978},
author = {Rabosky, Daniel L},
doi = {arXiv:1503.04978},
eprint = {1503.04978},
isbn = {9788578110796},
issn = {1098-6596},
journal = {Xx2},
keywords = {bayesian,diversification,phenotypic evolution,phylogenetic uncertainty},
pages = {1--23},
pmid = {25246403},
title = {{No substitute for real data: phylogenies from birth-death polytomy resolvers should not be used for many downstream comparative analyses}},
year = {2014}
}

@article{Rodrigues2006,
  title={The value of the IUCN Red List for conservation},
  author={Rodrigues, Ana SL and Pilgrim, John D and Lamoreux, John F and Hoffmann, Michael and Brooks, Thomas M},
  journal={Trends in ecology \& evolution},
  volume={21},
  number={2},
  pages={71--76},
  year={2006},
  publisher={Elsevier}
}

@article{Steel2007,
  title={Hedging our bets: the expected contribution of species to future phylogenetic diversity},
  author={Steel, Mike and Mimoto, Aki and Mooers, Arne {\O}},
  journal={Evolutionary bioinformatics online},
  volume={3},
  pages={237},
  year={2007},
  publisher={SAGE Publications}
}

@article{Stein2018,
  title={Global priorities for conserving the evolutionary history of sharks, rays and chimaeras},
  author={Stein, R William and Mull, Christopher G and Kuhn, Tyler S and Aschliman, Neil C and Davidson, Lindsay NK and Joy, Jeffrey B and Smith, Gordon J and Dulvy, Nicholas K and Mooers, Arne O},
  journal={Nature Ecology \& Evolution},
  pages={1},
  year={2018},
  publisher={Nature Publishing Group}
}

@article{Stuart2004,
  title={Status and trends of amphibian declines and extinctions worldwide},
  author={Stuart, Simon N and Chanson, Janice S and Cox, Neil A and Young, Bruce E and Rodrigues, Ana SL and Fischman, Debra L and Waller, Robert W},
  journal={Science},
  volume={306},
  number={5702},
  pages={1783--1786},
  year={2004},
  publisher={American Association for the Advancement of Science}
}

@article{Thomas2004,
  title={Extinction risk from climate change},
  author={Thomas, Chris D and Cameron, Alison and Green, Rhys E and Bakkenes, Michel and Beaumont, Linda J and Collingham, Yvonne C and Erasmus, Barend FN and De Siqueira, Marinez Ferreira and Grainger, Alan and Hannah, Lee and others},
  journal={Nature},
  volume={427},
  number={6970},
  pages={145--148},
  year={2004},
  publisher={Nature Publishing Group}
}

@article{Thomas2013,
  title={PASTIS: an R package to facilitate phylogenetic assembly with soft taxonomic inferences},
  author={Thomas, Gavin H and Hartmann, Klaas and Jetz, Walter and Joy, Jeffrey B and Mimoto, Aki and Mooers, Arne O},
  journal={Methods in Ecology and Evolution},
  volume={4},
  number={11},
  pages={1011--1017},
  year={2013},
  publisher={Wiley Online Library}
}

@article{Wake2008,
  title={Are we in the midst of the sixth mass extinction? A view from the world of amphibians},
  author={Wake, David B and Vredenburg, Vance T},
  journal={Proceedings of the National Academy of Sciences},
  volume={105},
  number={Supplement 1},
  pages={11466--11473},
  year={2008},
  publisher={National Acad Sciences}
}

@article{Weitzman1998,
  title={The Noah's ark problem},
  author={Weitzman, Martin L},
  journal={Econometrica},
  pages={1279--1298},
  year={1998},
  publisher={JSTOR}
}

@article{Wilson2007,
  title={Conserving biodiversity efficiently: what to do, where, and when},
  author={Wilson, Kerrie A and Underwood, Emma C and Morrison, Scott A and Klausmeyer, Kirk R and Murdoch, William W and Reyers, Belinda and Wardell-Johnson, Grant and Marquet, Pablo A and Rundel, Phil W and McBride, Marissa F and others},
  journal={PLOS biology},
  volume={5},
  number={9},
  pages={e223},
  year={2007},
  publisher={Public Library of Science}
}

@Manual{R2017,
    title = {R: A Language and Environment for Statistical Computing},
    author = {{R Core Team}},
    organization = {R Foundation for Statistical Computing},
    address = {Vienna, Austria},
    year = {2017},
    url = {https://www.R-project.org/},
  }